@Book{kennedy,
  title = {More on Venn Diagrams for Regression},
  author = {Peter E. Kennedy},
  publisher = {journal of statistics Education Vol 10, Number 1},
  address = {Simon Fraser University, Canada},
  year = {2002},
}


@Book{Hayes,
  title = {Geometrical Interpretation of an Alternative Formula for the Sample Covariance},
  author = {Kevin Hayes},
  year = {2011},
  source = {The American Statistician, Vol. 65, No. 2},
  url = {https://www.jstor.org/stable/23020503}
}


@Book{Heffernan,
  title = {New Measures of Spread and a Simpler Formula for the Normal Distribution},
  author = {Peter M. Heffernan},
  year = {1988},
  source = {The American Statistician, Vol. 42, No. 2},
  url = {https://www.jstor.org/stable/2684480},
}

@Book{chudzicki,
  title = {Covariance As Signed Area Of Rectangles},
  author = {David Chudzicki},
  year = {2014},
  url = {https://www.davidchudzicki.com/posts/covariance-as-signed-area-of-rectangles/},
}

@Book{Cli,
  title = {Two Additional Views of Linear Regression Coefficients},
  author = {C. C. Li},
  source = {The American Statistician, Vol. 18, No. 4},
  year = {1964},
  url = {https://www.jstor.org/stable/2682154},
}

@Book{VisCov,
  title = {Visualizing Distributions of Covariance Matrices},
  author = {Tomoki Tokudaa and co},
  address = {University of Leuven, Belgium, Columbia University, New York, NY, USA},
  year = {2011},
}

@Book{Bring,
  title = {Visualizing Distributions of Covariance Matrices},
  author = {Johan Bring},
  source = {The American Statistician , Feb., 1996, Vol. 50, No. 1},
  year = {1996},
  url = {https://www.jstor.org/stable/2685045},
}

@Book{fields,
  title = {Visualizing Distributions of Covariance Matrices},
  author = {Chao Yang and co},
  source = {International Journal for Uncertainty Quantification},
  year = {2011},
}

@Book{13cor,
  title = {Thirteen Ways to Look at the Correlation Coefficient},
  author = {Joseph Lee Rodgers and co},
  source = {The American Statistician, Vol. 42, No. 1.},
  year = {1988},
}

@Book{bousquet,
  title = {Covariance and regression diagram},
  author = {Alain Bousquet},
  source = {Université de Tours},
  year = {2021},
}

@Book{cordis,
  title = {Measuring and etsting dependance by correlation of distances},
  author = {GÁBOR J. SZÉKELY, and co},
  source = {The Annals of Statistics
2007, Vol. 35, No. 6, 2769–2794},
  year = {2021},
}

@Book{galton,
  title = {Co-relation and their measurements},
  author = {Francis Galton},
  source = {Proceedings of the Royal Society in London},
  year = {1888},
}


@Article{mako,
title = {Methods and Algorithms for Correlation Analysis in R.}, 
author = {Dominique Makowski and co},
year = {2020},
journal = {Journal of Open Source Software},
number = {51},
volume = {5},
pages = {2306},
url = {https://joss.theoj.org/papers/10.21105/joss.02306},
}




